@article{sutton2018reinforcement,
  title={Reinforcement learning: An introduction},
  author={Sutton, Richard S. and Barto, Andrew G.},
  journal={A Bradford Book},
  year={2018},
	note={Available at \url{http://incompleteideas.net/book/the-book-2nd.html}}
}


@book{russell2016artificial,
  title={Artificial intelligence: a modern approach},
  author={Russell, Stuart J and Norvig, Peter},
  year={2016},
  publisher={Pearson}
}

@book{puterman2014markov,
  title={Markov decision processes: discrete stochastic dynamic programming},
  author={Puterman, Martin L},
  year={2014},
  publisher={John Wiley \& Sons},
}
