@article{sutton2018reinforcement,
  title={Reinforcement learning: An introduction},
  author={Sutton, Richard S. and Barto, Andrew G.},
  journal={A Bradford Book},
  year={2018},
	note={Available at \url{http://incompleteideas.net/book/the-book-2nd.html}}
}

@book{szepesvari2022algorithms,
  title={Algorithms for reinforcement learning},
  author={Szepesv{\'a}ri, Csaba},
  year={2022},
  publisher={Springer nature},
	note={Available at \url{https://sites.ualberta.ca/~szepesva/RLBook.html}}
}

@book{russell2016artificial,
  title={Artificial intelligence: a modern approach},
  author={Russell, Stuart J and Norvig, Peter},
  year={2016},
  publisher={Pearson}
}

@misc{poupart_homepage,
  author       = {Pascal Poupart},
  title        = {Pascal Poupart's Homepage},
  howpublished = {\url{https://cs.uwaterloo.ca/~ppoupart/}},
  year={2025},
  note         = {Accessed: 2025-05-24}
}

@misc{pacman_ai_projects,
  title        = {The Pacman AI Projects},
  author       = {John DeNero and Dan Klein and Brad Miller and Nick Hay and Pieter Abbeel},
  howpublished = {\url{http://inst.eecs.berkeley.edu/~cs188/pacman/}},
  year={2013},
  note         = {Developed at UC Berkeley. Core by John DeNero and Dan Klein; student autograding by Brad Miller, Nick Hay, and Pieter Abbeel.}
}


@book{sigaud2013markov,
  title={Markov decision processes in artificial intelligence},
  author={Sigaud, Olivier and Buffet, Olivier},
  year={2013},
  publisher={John Wiley \& Sons},
}
