@article{Burtini2015,
  title={A survey of online experiment design with the stochastic multi-armed bandit},
  author={Burtini, Giuseppe and Loeppky, Jason and Lawrence, Ramon},
  journal={arXiv preprint arXiv:1510.00757},
  year={2015}
}


@article{Bubeck2012,
url = {http://dx.doi.org/10.1561/2200000024},
year = {2012},
volume = {5},
journal = {Foundations and Trends® in Machine Learning},
title = {Regret Analysis of Stochastic and Nonstochastic Multi-armed Bandit Problems},
doi = {10.1561/2200000024},
issn = {1935-8237},
number = {1},
pages = {1-122},
author = {Sébastien Bubeck and Nicolò Cesa-Bianchi}
}

@article{Slivkins2019,
url = {http://dx.doi.org/10.1561/2200000068},
year = {2019},
volume = {12},
journal = {Foundations and Trends® in Machine Learning},
title = {Introduction to Multi-Armed Bandits},
doi = {10.1561/2200000068},
issn = {1935-8237},
number = {1-2},
pages = {1-286},
author = {Aleksandrs Slivkins }
}