@article{sutton2018reinforcement,
  title={Reinforcement learning: An introduction},
  author={Sutton, Richard S. and Barto, Andrew G.},
  journal={A Bradford Book},
  year={2018},
	note={Available at \url{http://incompleteideas.net/book/the-book-2nd.html}}
}

@book{szepesvari2022algorithms,
  title={Algorithms for reinforcement learning},
  author={Szepesv{\'a}ri, Csaba},
  year={2022},
  publisher={Springer nature},
	note={Available at \url{https://sites.ualberta.ca/~szepesva/RLBook.html}}
}

@book{russell2016artificial,
  title={Artificial intelligence: a modern approach},
  author={Russell, Stuart J and Norvig, Peter},
  year={2016},
  publisher={Pearson}
}

@book{puterman2014markov,
  title={Markov decision processes: discrete stochastic dynamic programming},
  author={Puterman, Martin L},
  year={2014},
  publisher={John Wiley \& Sons},
}

@book{goodfellow2016deep,
  title={Deep learning},
  author={Goodfellow, Ian},
  volume={196},
  year={2016},
  publisher={MIT press},
	note={Available at \url{http://deeplearningbook.org/}}
}


@Article{Charpentier2023,
  author={Arthur Charpentier and Romuald Ã‰lie and Carl Remlinger},
  title={{Reinforcement learning in economics and finance}},
  journal={Computational Economics},
  year=2023,
  volume={62},
  number={1},
  pages={425-462},
  month={June},
  keywords={Causality; Control; Machine learning; Markov decision process; Multi-armed bandits; Online-learning;},
  doi={10.1007/s10614-021-10119-},
  url={https://ideas.repec.org/a/kap/compec/v62y2023i1d10.1007_s10614-021-10119-4.html}
}


@article{Schulz2024,
title = {Political reinforcement learners},
journal = {Trends in Cognitive Sciences},
volume = {28},
number = {3},
pages = {210-222},
year = {2024},
issn = {1364-6613},
doi = {https://doi.org/10.1016/j.tics.2023.12.001},
url = {https://www.sciencedirect.com/science/article/pii/S1364661323002875},
author = {Lion Schulz and Rahul Bhui},
keywords = {computational models, reinforcement learning, political psychology},
}


