
@book{goodfellow2016deep,
  title={Deep learning},
  author={Ian Goodfellow and Yoshua Bengio and Aaron Courville},
  volume={196},
  year={2016},
  publisher={MIT press},
	note={Available at \url{http://deeplearningbook.org/}}
}