@article{sutton2018reinforcement,
  title={Reinforcement learning: An introduction},
  author={Sutton, Richard S. and Barto, Andrew G.},
  journal={A Bradford Book},
  year={2018},
	note={Available at \url{http://incompleteideas.net/book/the-book-2nd.html}}
}



@book{russell2016artificial,
  title={Artificial intelligence: a modern approach},
  author={Russell, Stuart J and Norvig, Peter},
  year={2016},
  publisher={Pearson}
}



@book{sigaud2013markov,
  title={Markov decision processes in artificial intelligence},
  author={Sigaud, Olivier and Buffet, Olivier},
  year={2013},
  publisher={John Wiley \& Sons},
	note={Available at \url{https://zodml.org/sites/default/files/Markov_Decision_Processes_and_Artificial_Intelligence.pdf}}
}
