@book{bellman1957dynamic,
  title={Dynamic Programming},
  author={Bellman, Richard},
  year={1957},
  publisher={Princeton University Press}
}


@book{powell2011approximate,
  title={Approximate Dynamic Programming: Solving the Curses of Dimensionality},
  author={Powell, Warren B.},
  year={2011},
  publisher={John Wiley \& Sons},
  edition={2nd}
}


@book{puterman1994markov,
  title={Markov Decision Processes: Discrete Stochastic Dynamic Programming},
  author={Puterman, Martin L.},
  year={1994},
  publisher={John Wiley \& Sons}
}

@book{bertsekas2012dynamic,
  title={Dynamic Programming and Optimal Control},
  author={Bertsekas, Dimitri P.},
  year={2012},
  publisher={Athena Scientific},
  edition={4th}
}
	
@book{sutton2018reinforcement,
  title={Reinforcement Learning: An Introduction},
  author={Sutton, Richard S. and Barto, Andrew G.},
  year={2018},
  publisher={MIT Press},
  edition={2nd}
}
