
@article{auer2002finite,
  title={Finite-time analysis of the multiarmed bandit problem},
  author={Auer, Peter and Cesa-Bianchi, Nicolo and Fischer, Paul},
  journal={Machine learning},
  volume={47},
  pages={235--256},
  year={2002},
  publisher={Springer}
}

@inproceedings{audibert2009,
author = {Audibert, Jean-Yves and Bubeck, SÃ©bastien},
year = {2009},
month = {06},
pages = {217-226},
title = {Minimax Policies for Adversarial and Stochastic Bandits.},
booktitle={COLT}
}