
@article{Burtini2015,
  title={A survey of online experiment design with the stochastic multi-armed bandit},
  author={Burtini, Giuseppe and Loeppky, Jason and Lawrence, Ramon},
  journal={arXiv preprint arXiv:1510.00757},
  year={2015}
}


@article{Bubeck2012,
url = {http://dx.doi.org/10.1561/2200000024},
year = {2012},
volume = {5},
journal = {Foundations and Trends® in Machine Learning},
title = {Regret Analysis of Stochastic and Nonstochastic Multi-armed Bandit Problems},
doi = {10.1561/2200000024},
issn = {1935-8237},
number = {1},
pages = {1-122},
author = {Sébastien Bubeck and Nicolò Cesa-Bianchi}
}

@article{sutton2018reinforcement,
  title={Reinforcement learning: An introduction},
  author={Sutton, Richard S. and Barto, Andrew G.},
  journal={A Bradford Book},
  year={2018},
	note={Available at \url{http://incompleteideas.net/book/the-book-2nd.html}}
}

@article{auer2002finite,
  title={Finite-time analysis of the multiarmed bandit problem},
  author={Auer, Peter and Cesa-Bianchi, Nicolo and Fischer, Paul},
  journal={Machine learning},
  volume={47},
  pages={235--256},
  year={2002},
  publisher={Springer}
}
