@article{sutton2018reinforcement,
  title={Reinforcement learning: An introduction},
  author={Sutton, Richard S. and Barto, Andrew G.},
  journal={A Bradford Book},
  year={2018},
	note={Available at \url{http://incompleteideas.net/book/the-book-2nd.html}}
}

@book{szepesvari2022algorithms,
  title={Algorithms for reinforcement learning},
  author={Szepesv{\'a}ri, Csaba},
  year={2022},
  publisher={Springer nature},
	note={Available at \url{https://sites.ualberta.ca/~szepesva/RLBook.html}}
}

@book{russell2016artificial,
  title={Artificial intelligence: a modern approach},
  author={Russell, Stuart J and Norvig, Peter},
  year={2016},
  publisher={Pearson}
}

@book{puterman2014markov,
  title={Markov decision processes: discrete stochastic dynamic programming},
  author={Puterman, Martin L},
  year={2014},
  publisher={John Wiley \& Sons},
}

@book{goodfellow2016deep,
  title={Deep learning},
  author={Goodfellow, Ian},
  volume={196},
  year={2016},
  publisher={MIT press},
	note={Available at \url{http://deeplearningbook.org/}}
}

@book{sigaud2013markov,
  title={Markov decision processes in artificial intelligence},
  author={Sigaud, Olivier and Buffet, Olivier},
  year={2013},
  publisher={John Wiley \& Sons},
}

@article{hayes2013first,
  title={First links in the Markov chain},
  author={Hayes, Brian and others},
  journal={American Scientist},
  volume={101},
  number={2},
  pages={92},
  year={2013}
}

@article{markov2006,
 title={An Example of Statistical Investigation of the Text Eugene Onegin Concerning the Connection of Samples in Chains},
 volume={19},
 DOI={10.1017/S0269889706001074},
 number={4},
 journal={Science in Context},
 author={Markov, A. A.},
 year={2006},
 pages={591â€“600}
}