@article{sutton2018reinforcement,
  title={Reinforcement learning: An introduction},
  author={Sutton, Richard S. and Barto, Andrew G.},
  journal={A Bradford Book},
  year={2018},
	note={Available at \url{http://incompleteideas.net/book/the-book-2nd.html}}
}

@book{szepesvari2022algorithms,
  title={Algorithms for reinforcement learning},
  author={Szepesv{\'a}ri, Csaba},
  year={2022},
  publisher={Springer nature},
	note={Available at \url{https://sites.ualberta.ca/~szepesva/RLBook.html}}
}




@book{sigaud2013markov,
  title={Markov decision processes in artificial intelligence},
  author={Sigaud, Olivier and Buffet, Olivier},
  year={2013},
  publisher={John Wiley \& Sons},
	note={Available at \url{https://zodml.org/sites/default/files/Markov_Decision_Processes_and_Artificial_Intelligence.pdf}}
}
